
@Inproceedings{mochol08matcher,
	author = {Malgorzata Mochol and Anja Jentzsch},
	title  ={Towards a Rule-Based Matcher Selection},
	booktitle = {Proceedings of the 16th international conference on Knowledge Engineering: Practice and Patterns},
	YEAR =        {2008},
  ADDRESS =     {Acitrezza, Italy}
}


@Book{euzenat07matcherbook,
 AUTHOR =       {Jerome Euzenat and Pavel Shvaiko},
 TITLE =        {Ontology Matching},
 PUBLISHER =    {Springer},
 YEAR =         {2007},
}


@Article{giunchiglia2008semanticmatching,
	author  = {Fausto Giunchiglia and Mikalai Yatskevich and Pavel Shvaiko},
	title   = {Semantic Matching: Algorithms and Implementation},
	year    = {2007},
	journal = {Journal on Data Semantics}
}

@inproceedings{chen2021relation,
    title={Relation Prediction as an Auxiliary Training Objective for Improving Multi-Relational Graph Representations},
    author={Yihong Chen and Pasquale Minervini and Sebastian Riedel and Pontus Stenetorp},
    booktitle={3rd Conference on Automated Knowledge Base Construction},
    year={2021},
    url={https://openreview.net/forum?id=Qa3uS3H7-Le}
}

@misc{chang2020benchmark,
      title={Benchmark and Best Practices for Biomedical Knowledge Graph Embeddings}, 
      author={David Chang and Ivana Balazevic and Carl Allen and Daniel Chawla and Cynthia Brandt and Richard Andrew Taylor},
      year={2020},
      eprint={2006.13774},
      archivePrefix={arXiv},
      primaryClass={cs.AI}
}

@inproceedings{mohammed-etal-2018-strong,
    title = "Strong Baselines for Simple Question Answering over Knowledge Graphs with and without Neural Networks",
    author = "Mohammed, Salman  and
      Shi, Peng  and
      Lin, Jimmy",
    booktitle = "Proceedings of the 2018 Conference of the North {A}merican Chapter of the Association for Computational Linguistics: Human Language Technologies, Volume 2 (Short Papers)",
    month = jun,
    year = "2018",
    address = "New Orleans, Louisiana",
    publisher = "Association for Computational Linguistics",
    url = "https://aclanthology.org/N18-2047",
    doi = "10.18653/v1/N18-2047",
    pages = "291--296",
}

% ----------------------- Dataset --------------------------------------
@inproceedings{dettmers2018conve,
	Author = {Dettmers, Tim and Pasquale, Minervini and Pontus, Stenetorp and Riedel, Sebastian},
	Booktitle = {Proceedings of the 32th AAAI Conference on Artificial Intelligence},
	Title = {Convolutional 2D Knowledge Graph Embeddings},
	Url = {https://arxiv.org/abs/1707.01476},
	Year = {2018},
        pages  = {1811--1818},
  	Month = {February}
}
@article{Dalvi2017DomainTargetedHP,
  title={Domain-Targeted, High Precision Knowledge Extraction},
  author={Bhavana Dalvi and Niket Tandon and Peter Clark},
  journal={Transactions of the Association for Computational Linguistics},
  year={2017},
  volume={5},
  pages={233-246}
}
@inproceedings{hao2019universal,
  title={Universal representation learning of knowledge bases by jointly embedding instances and ontological concepts},
  author={Hao, Junheng and Chen, Muhao and Yu, Wenchao and Sun, Yizhou and Wang, Wei},
  booktitle={Proceedings of the 25th ACM SIGKDD International Conference on Knowledge Discovery \& Data Mining},
  pages={1709--1719},
  year={2019}
}
@inproceedings{ICML-2007-KokD,
	author        = "Stanley Kok and Pedro M. Domingos",
	booktitle     = "{Proceedings of the 24th International Conference on Machine Learning}",
	doi           = "10.1145/1273496.1273551",
	isbn          = "978-1-59593-793-3",
	pages         = "433--440",
	publisher     = "{ACM}",
	series        = "{ACM International Conference Proceeding Series}",
	title         = "{Statistical predicate invention}",
	volume        = 227,
	year          = 2007,
}

@inproceedings{toutanova-etal-2015-representing,
    title = "Representing Text for Joint Embedding of Text and Knowledge Bases",
    author = "Toutanova, Kristina  and
      Chen, Danqi  and
      Pantel, Patrick  and
      Poon, Hoifung  and
      Choudhury, Pallavi  and
      Gamon, Michael",
    booktitle = "Proceedings of the 2015 Conference on Empirical Methods in Natural Language Processing",
    month = sep,
    year = "2015",
    address = "Lisbon, Portugal",
    publisher = "Association for Computational Linguistics",
    url = "https://aclanthology.org/D15-1174",
    doi = "10.18653/v1/D15-1174",
    pages = "1499--1509",
}

@inproceedings{NIPS2013_1cecc7a7,
 author = {Bordes, Antoine and Usunier, Nicolas and Garcia-Duran, Alberto and Weston, Jason and Yakhnenko, Oksana},
 booktitle = {Advances in Neural Information Processing Systems},
 editor = {C.J. Burges and L. Bottou and M. Welling and Z. Ghahramani and K.Q. Weinberger},
 pages = {},
 publisher = {Curran Associates, Inc.},
 title = {Translating Embeddings for Modeling Multi-relational Data},
 url = {https://proceedings.neurips.cc/paper/2013/file/1cecc7a77928ca8133fa24680a88d2f9-Paper.pdf},
 volume = {26},
 year = {2013}
}



@inproceedings{cui2021type,
  title={Type-augmented relation prediction in knowledge graphs},
  author={Cui, Zijun and Kapanipathi, Pavan and Talamadupula, Kartik and Gao, Tian and Ji, Qiang},
  booktitle={Proceedings of the AAAI Conference on Artificial Intelligence},
  volume={35},
  number={8},
  pages={7151--7159},
  year={2021}
}

@inproceedings{xie2016representation,
  title={Representation Learning of Knowledge Graphs with Hierarchical Types.},
  author={Xie, Ruobing and Liu, Zhiyuan and Sun, Maosong and others},
  booktitle={IJCAI},
  volume={2016},
  pages={2965--2971},
  year={2016}
}



@article{lin2015modeling,
  title={Modeling relation paths for representation learning of knowledge bases},
  author={Lin, Yankai and Liu, Zhiyuan and Luan, Huanbo and Sun, Maosong and Rao, Siwei and Liu, Song},
  journal={arXiv preprint arXiv:1506.00379},
  year={2015}
}

@inproceedings{shi2017proje,
  title={ProjE: Embedding projection for knowledge graph completion},
  author={Shi, Baoxu and Weninger, Tim},
  booktitle={Proceedings of the AAAI Conference on Artificial Intelligence},
  volume={31},
  number={1},
  year={2017}
}

@inproceedings{guan2018shared,
  title={Shared embedding based neural networks for knowledge graph completion},
  author={Guan, Saiping and Jin, Xiaolong and Wang, Yuanzhuo and Cheng, Xueqi},
  booktitle={Proceedings of the 27th ACM International Conference on Information and Knowledge Management},
  pages={247--256},
  year={2018}
}

@article{yao2019kg,
  title={KG-BERT: BERT for knowledge graph completion},
  author={Yao, Liang and Mao, Chengsheng and Luo, Yuan},
  journal={arXiv preprint arXiv:1909.03193},
  year={2019}
}

@INPROCEEDINGS{5992590,  
    author={Davis, Darcy and Lichtenwalter, Ryan and Chawla, Nitesh V.},  
    booktitle={2011 International Conference on Advances in Social Networks Analysis and Mining},   
    title={Multi-relational Link Prediction in Heterogeneous Information Networks},   year={2011},  
    volume={},  
    number={},  
    pages={281-288},  
    doi={10.1109/ASONAM.2011.107}}

@ARTICLE{8999619,
  author={Seo, Seungmin and Oh, Byungkook and Lee, Kyong-Ho},
  journal={IEEE Access}, 
  title={Reliable Knowledge Graph Path Representation Learning}, 
  year={2020},
  volume={8},
  number={},
  pages={32816-32825},
  doi={10.1109/ACCESS.2020.2973923}}

@article{Xie_Liu_Jia_Luan_Sun_2016, 
    title={Representation Learning of Knowledge Graphs with Entity Descriptions}, volume={30}, 
    url={https://ojs.aaai.org/index.php/AAAI/article/view/10329}, 
    number={1}, 
    journal={Proceedings of the AAAI Conference on Artificial Intelligence}, 
    author={Xie, Ruobing and Liu, Zhiyuan and Jia, Jia and Luan, Huanbo and Sun, Maosong}, year={2016}, 
    month={Mar.} 
    }
    
@book{goodfellow2016deep,
  title={Deep learning},
  author={Goodfellow, Ian and Bengio, Yoshua and Courville, Aaron and Bengio, Yoshua},
  volume={1},
  number={2},
  year={2016},
  publisher={MIT Press Cambridge}
}

@ARTICLE{7352306,  author={Shahriari, Bobak and Swersky, Kevin and Wang, Ziyu and Adams, Ryan P. and de Freitas, Nando},  journal={Proceedings of the IEEE},   title={Taking the Human Out of the Loop: A Review of Bayesian Optimization},   year={2016},  volume={104},  number={1},  pages={148-175},  doi={10.1109/JPROC.2015.2494218}}

% -------------------Framework-----------------------------

@inproceedings{zhu2019graphvite,
    title={GraphVite: A High-Performance CPU-GPU Hybrid System for Node Embedding},
     author={Zhu, Zhaocheng and Xu, Shizhen and Qu, Meng and Tang, Jian},
     booktitle={The World Wide Web Conference},
     pages={2494--2504},
     year={2019},
     organization={ACM}
 }

@misc{ampligraph,
 author= {Luca Costabello and
          Sumit Pai and
          Chan Le Van and
          Rory McGrath and
          Nicholas McCarthy and
          Pedro Tabacof},
 title = {{AmpliGraph: a Library for Representation Learning on Knowledge Graphs}},
 month = mar,
 year  = 2019,
 doi   = {10.5281/zenodo.2595043},
 url   = {https://doi.org/10.5281/zenodo.2595043}
} 

 @inproceedings{han2018openke,
   title={OpenKE: An Open Toolkit for Knowledge Embedding},
   author={Han, Xu and Cao, Shulin and Lv Xin and Lin, Yankai and Liu, Zhiyuan and Sun, Maosong and Li, Juanzi},
   booktitle={Proceedings of EMNLP},
   year={2018}
 }
 
@article{ali2021pykeen,
    author = {Ali, Mehdi and Berrendorf, Max and Hoyt, Charles Tapley and Vermue, Laurent and Sharifzadeh, Sahand and Tresp, Volker and Lehmann, Jens},
    journal = {Journal of Machine Learning Research},
    number = {82},
    pages = {1--6},
    title = {{PyKEEN 1.0: A Python Library for Training and Evaluating Knowledge Graph Embeddings}},
    url = {http://jmlr.org/papers/v22/20-825.html},
    volume = {22},
    year = {2021}
}

@article{yu2019pykg2vec,
  title={Pykg2vec: A Python Library for Knowledge Graph Embedding},
  author={Yu, Shih Yuan and Rokka Chhetri, Sujit and Canedo, Arquimedes and Goyal, Palash and Faruque, Mohammad Abdullah Al},
  journal={arXiv preprint arXiv:1906.04239},
  year={2019}
  }
@inproceedings{
  libkge,
  title="{L}ib{KGE} - {A} Knowledge Graph Embedding Library for Reproducible Research",
  author={Samuel Broscheit and Daniel Ruffinelli and Adrian Kochsiek and Patrick Betz and Rainer Gemulla},
  booktitle={Proceedings of the 2020 Conference on Empirical Methods in Natural Language Processing: System Demonstrations},
  year={2020},
  url={https://www.aclweb.org/anthology/2020.emnlp-demos.22},
  pages = "165--174",
}

% -------------------Framework-----------------------------

% -----------------Link classification-----------------
@inproceedings{wang2014knowledge,
  title={Knowledge graph embedding by translating on hyperplanes},
  author={Wang, Zhen and Zhang, Jianwen and Feng, Jianlin and Chen, Zheng},
  booktitle={Proceedings of the AAAI Conference on Artificial Intelligence},
  volume={28},
  number={1},
  year={2014}
}

@inproceedings{lin2015learning,
  title={Learning entity and relation embeddings for knowledge graph completion},
  author={Lin, Yankai and Liu, Zhiyuan and Sun, Maosong and Liu, Yang and Zhu, Xuan},
  booktitle={Twenty-ninth AAAI conference on artificial intelligence},
  year={2015}
}

@inproceedings{socher2013reasoning,
  title={Reasoning with neural tensor networks for knowledge base completion},
  author={Socher, Richard and Chen, Danqi and Manning, Christopher D and Ng, Andrew},
  booktitle={Advances in neural information processing systems},
  pages={926--934},
  year={2013}
}
% -----------------Link classification-----------------

@inproceedings{lacroix2018canonical,
  title={Canonical tensor decomposition for knowledge base completion},
  author={Lacroix, Timoth{\'e}e and Usunier, Nicolas and Obozinski, Guillaume},
  booktitle={International Conference on Machine Learning},
  pages={2863--2872},
  year={2018},
  organization={PMLR}
}

@misc{shang2018endtoend,
      title={End-to-end Structure-Aware Convolutional Networks for Knowledge Base Completion}, 
      author={Chao Shang and Yun Tang and Jing Huang and Jinbo Bi and Xiaodong He and Bowen Zhou},
      year={2018},
      eprint={1811.04441},
      archivePrefix={arXiv},
      primaryClass={cs.AI}
}

@inproceedings{guo2016jointly,
  title={Jointly embedding knowledge graphs and logical rules},
  author={Guo, Shu and Wang, Quan and Wang, Lihong and Wang, Bin and Guo, Li},
  booktitle={Proceedings of the 2016 conference on empirical methods in natural language processing},
  pages={192--202},
  year={2016}
}

@article{omran2019embedding,
  title={An embedding-based approach to rule learning in knowledge graphs},
  author={Omran, Pouya Ghiasnezhad and Wang, Kewen and Wang, Zhe},
  journal={IEEE Transactions on Knowledge and Data Engineering},
  year={2019},
  publisher={IEEE}
}

@inproceedings{galarraga2013amie,
  title={AMIE: association rule mining under incomplete evidence in ontological knowledge bases},
  author={Gal{\'a}rraga, Luis Antonio and Teflioudi, Christina and Hose, Katja and Suchanek, Fabian},
  booktitle={Proceedings of the 22nd international conference on World Wide Web},
  pages={413--422},
  year={2013}
}

@misc{sun2019rotate,
      title={RotatE: Knowledge Graph Embedding by Relational Rotation in Complex Space}, 
      author={Zhiqing Sun and Zhi-Hong Deng and Jian-Yun Nie and Jian Tang},
      year={2019},
      eprint={1902.10197},
      archivePrefix={arXiv},
      primaryClass={cs.LG}
}


@article{kazemi2018simple,
  title={Simple embedding for link prediction in knowledge graphs},
  author={Kazemi, Seyed Mehran and Poole, David},
  journal={Advances in neural information processing systems},
  volume={31},
  year={2018}
}

@inproceedings{Malaviya2020CommonsenseKB,
  title={Commonsense Knowledge Base Completion with Structural and Semantic Context},
  author={Chaitanya Malaviya and Chandra Bhagavatula and Antoine Bosselut and Yejin Choi},
  booktitle={AAAI},
  year={2020}
}

@inproceedings{balazevic-etal-2019-tucker,
    title = "{T}uck{ER}: Tensor Factorization for Knowledge Graph Completion",
    author = "Balazevic, Ivana  and
      Allen, Carl  and
      Hospedales, Timothy",
    booktitle = "Proceedings of the 2019 Conference on Empirical Methods in Natural Language Processing and the 9th International Joint Conference on Natural Language Processing (EMNLP-IJCNLP)",
    month = nov,
    year = "2019",
    address = "Hong Kong, China",
    publisher = "Association for Computational Linguistics",
    url = "https://aclanthology.org/D19-1522",
    doi = "10.18653/v1/D19-1522",
    pages = "5185--5194",
}

@inproceedings{trouillon2016complex,
  title={Complex embeddings for simple link prediction},
  author={Trouillon, Th{\'e}o and Welbl, Johannes and Riedel, Sebastian and Gaussier, {\'E}ric and Bouchard, Guillaume},
  booktitle={International conference on machine learning},
  pages={2071--2080},
  year={2016},
  organization={PMLR}
}

@article{yang2014embedding,
  title={Embedding entities and relations for learning and inference in knowledge bases},
  author={Yang, Bishan and Yih, Wen-tau and He, Xiaodong and Gao, Jianfeng and Deng, Li},
  journal={arXiv preprint arXiv:1412.6575},
  year={2014}
}

@inproceedings{45634,
title	= {Knowledge Vault: A Web-Scale Approach to Probabilistic Knowledge Fusion},
author	= {Xin Luna Dong and Evgeniy Gabrilovich and Geremy Heitz and Wilko Horn and Ni Lao and Kevin Murphy and Thomas Strohmann and Shaohua Sun and Wei Zhang},
year	= {2014},
URL	= {http://www.cs.cmu.edu/~nlao/publication/2014.kdd.pdf},
note	= {Evgeniy Gabrilovich
Wilko Horn
Ni Lao
Kevin Murphy
Thomas Strohmann
Shaohua Sun
Wei Zhang
Geremy Heitz},
booktitle	= {The 20th {ACM} {SIGKDD} International Conference on Knowledge Discovery  and Data Mining, {KDD} '14, New York, NY, {USA} - August 24 - 27,  2014},
pages	= {601--610}
}



@incollection{bizer2011linked,
  title={Linked data: The story so far},
  author={Bizer, Christian and Heath, Tom and Berners-Lee, Tim},
  booktitle={Semantic services, interoperability and web applications: emerging concepts},
  pages={205--227},
  year={2011},
  publisher={IGI global}
}

@inproceedings{Carlson2010TowardAA,
  title={Toward an Architecture for Never-Ending Language Learning},
  author={Andrew Carlson and Justin Betteridge and Bryan Kisiel and Burr Settles and Estevam R. Hruschka and Tom Michael Mitchell},
  booktitle={AAAI},
  year={2010}
}

@inproceedings{Suchanek2007YagoAC,
  title={Yago: a core of semantic knowledge},
  author={Fabian M. Suchanek and Gjergji Kasneci and Gerhard Weikum},
  booktitle={WWW '07},
  year={2007}
}

@article{Lehmann2015DBpediaA,
  title={DBpedia - A large-scale, multilingual knowledge base extracted from Wikipedia},
  author={Jens Lehmann and Robert Isele and Max Jakob and Anja Jentzsch and Dimitris Kontokostas and Pablo N. Mendes and Sebastian Hellmann and Mohamed Morsey and Patrick van Kleef and S{\"o}ren Auer and Christian Bizer},
  journal={Semantic Web},
  year={2015},
  volume={6},
  pages={167-195}
}

@inproceedings{DBLP:conf/sigmod/BollackerEPST08,
  author    = {Kurt D. Bollacker and
               Colin Evans and
               Praveen K. Paritosh and
               Tim Sturge and
               Jamie Taylor},
  editor    = {Jason Tsong{-}Li Wang},
  title     = {Freebase: a collaboratively created graph database for structuring
               human knowledge},
  booktitle = {Proceedings of the {ACM} {SIGMOD} International Conference on Management
               of Data, {SIGMOD} 2008, Vancouver, BC, Canada, June 10-12, 2008},
  pages     = {1247--1250},
  publisher = {{ACM}},
  year      = {2008},
  url       = {https://doi.org/10.1145/1376616.1376746},
  doi       = {10.1145/1376616.1376746},
  timestamp = {Wed, 08 Sep 2021 18:47:16 +0200},
  biburl    = {https://dblp.org/rec/conf/sigmod/BollackerEPST08.bib},
  bibsource = {dblp computer science bibliography, https://dblp.org}
}

@article{heck2013leveraging,
  title={Leveraging knowledge graphs for web-scale unsupervised semantic parsing},
  author={Heck, Larry and Hakkani-T{\"u}r, Dilek and Tur, Gokhan},
  year={2013}
}


@inproceedings{berant2013semantic,
  title={Semantic parsing on freebase from question-answer pairs},
  author={Berant, Jonathan and Chou, Andrew and Frostig, Roy and Liang, Percy},
  booktitle={Proceedings of the 2013 conference on empirical methods in natural language processing},
  pages={1533--1544},
  year={2013}
}

@inproceedings{38389,
title	= {Entity Disambiguation with Freebase},
author	= {Zhicheng Zheng and Xiance Si and Fangtao Li and Edward Y. Chang and Xiaoyan Zhu},
year	= {2012},
booktitle	= {The 2012 IEEE/WIC/ACM International Conference on Web Intelligence (WI'2012)}
}



@inproceedings{Damljanovic2012NamedED,
  title={Named Entity Disambiguation using Linked Data},
  author={Danica Damljanovic and Kalina Bontcheva},
  year={2012}
}

@misc{bordes2014question,
      title={Question Answering with Subgraph Embeddings}, 
      author={Antoine Bordes and Sumit Chopra and Jason Weston},
      year={2014},
      eprint={1406.3676},
      archivePrefix={arXiv},
      primaryClass={cs.CL}
}

@misc{bordes2014open,
      title={Open Question Answering with Weakly Supervised Embedding Models}, 
      author={Antoine Bordes and Jason Weston and Nicolas Usunier},
      year={2014},
      eprint={1404.4326},
      archivePrefix={arXiv},
      primaryClass={cs.CL}
}

@inproceedings{drumond2012predicting,
  title={Predicting RDF triples in incomplete knowledge bases with tensor factorization},
  author={Drumond, Lucas and Rendle, Steffen and Schmidt-Thieme, Lars},
  booktitle={Proceedings of the 27th Annual ACM Symposium on Applied Computing},
  pages={326--331},
  year={2012}
}

@article{wang2017knowledge,
  title={Knowledge graph embedding: A survey of approaches and applications},
  author={Wang, Quan and Mao, Zhendong and Wang, Bin and Guo, Li},
  journal={IEEE Transactions on Knowledge and Data Engineering},
  volume={29},
  number={12},
  pages={2724--2743},
  year={2017},
  publisher={IEEE}
}

@inproceedings{
Ruffinelli2020You,
title={You CAN Teach an Old Dog New Tricks! On Training Knowledge Graph Embeddings},
author={Daniel Ruffinelli and Samuel Broscheit and Rainer Gemulla},
booktitle={International Conference on Learning Representations},
year={2020},
url={https://openreview.net/forum?id=BkxSmlBFvr}
}

@article{Ji_2021,
   title={A Survey on Knowledge Graphs: Representation, Acquisition, and Applications},
   ISSN={2162-2388},
   url={http://dx.doi.org/10.1109/TNNLS.2021.3070843},
   DOI={10.1109/tnnls.2021.3070843},
   journal={IEEE Transactions on Neural Networks and Learning Systems},
   publisher={Institute of Electrical and Electronics Engineers (IEEE)},
   author={Ji, Shaoxiong and Pan, Shirui and Cambria, Erik and Marttinen, Pekka and Yu, Philip S.},
   year={2021},
   pages={1–21}
}



% --------------------- Relation Model -------------------------------

@inproceedings{angeli2013philosophers,
  title={Philosophers are mortal: Inferring the truth of unseen facts},
  author={Angeli, Gabor and Manning, Christopher D},
  booktitle={Proceedings of the seventeenth conference on computational natural language learning},
  pages={133--142},
  year={2013}
}


@inproceedings{nickel2011three,
  title={A three-way model for collective learning on multi-relational data},
  author={Nickel, Maximilian and Tresp, Volker and Kriegel, Hans-Peter},
  booktitle={Icml},
  year={2011}
}


@inproceedings{dong2014knowledge,
  title={Knowledge vault: A web-scale approach to probabilistic knowledge fusion},
  author={Dong, Xin and Gabrilovich, Evgeniy and Heitz, Geremy and Horn, Wilko and Lao, Ni and Murphy, Kevin and Strohmann, Thomas and Sun, Shaohua and Zhang, Wei},
  booktitle={Proceedings of the 20th ACM SIGKDD international conference on Knowledge discovery and data mining},
  pages={601--610},
  year={2014}
}

@inproceedings{DBLP:conf/semweb/BaierMT17,
  author    = {Stephan Baier and
               Yunpu Ma and
               Volker Tresp},
  editor    = {Claudia d'Amato and
               Miriam Fern{\'{a}}ndez and
               Valentina A. M. Tamma and
               Freddy L{\'{e}}cu{\'{e}} and
               Philippe Cudr{\'{e}}{-}Mauroux and
               Juan F. Sequeda and
               Christoph Lange and
               Jeff Heflin},
  title     = {Improving Visual Relationship Detection Using Semantic Modeling of
               Scene Descriptions},
  booktitle = {The Semantic Web - {ISWC} 2017 - 16th International Semantic Web Conference,
               Vienna, Austria, October 21-25, 2017, Proceedings, Part {I}},
  series    = {Lecture Notes in Computer Science},
  volume    = {10587},
  pages     = {53--68},
  publisher = {Springer},
  year      = {2017},
  url       = {https://doi.org/10.1007/978-3-319-68288-4\_4},
  doi       = {10.1007/978-3-319-68288-4\_4},
  timestamp = {Tue, 07 Sep 2021 13:48:21 +0200},
  biburl    = {https://dblp.org/rec/conf/semweb/BaierMT17.bib},
  bibsource = {dblp computer science bibliography, https://dblp.org}
}

@article{bordes2013translating,
  title={Translating embeddings for modeling multi-relational data},
  author={Bordes, Antoine and Usunier, Nicolas and Garcia-Duran, Alberto and Weston, Jason and Yakhnenko, Oksana},
  journal={Advances in neural information processing systems},
  volume={26},
  year={2013}
}

@inproceedings{nickel2016holographic,
  title={Holographic embeddings of knowledge graphs},
  author={Nickel, Maximilian and Rosasco, Lorenzo and Poggio, Tomaso},
  booktitle={Proceedings of the AAAI Conference on Artificial Intelligence},
  volume={30},
  number={1},
  year={2016}
}

@article{2016,
   title={A Review of Relational Machine Learning for Knowledge Graphs},
   volume={104},
   ISSN={1558-2256},
   url={http://dx.doi.org/10.1109/JPROC.2015.2483592},
   DOI={10.1109/jproc.2015.2483592},
   number={1},
   journal={Proceedings of the IEEE},
   publisher={Institute of Electrical and Electronics Engineers (IEEE)},
   author={Nickel, Maximilian and Murphy, Kevin and Tresp, Volker and Gabrilovich, Evgeniy},
   year={2016},
   month={Jan},
   pages={11–33}
}


@article{lao2010relational,
  title={Relational retrieval using a combination of path-constrained random walks},
  author={Lao, Ni and Cohen, William W},
  journal={Machine learning},
  volume={81},
  number={1},
  pages={53--67},
  year={2010},
  publisher={Springer}
}

@inproceedings{gardner2015efficient,
  title={Efficient and expressive knowledge base completion using subgraph feature extraction},
  author={Gardner, Matt and Mitchell, Tom},
  booktitle={Proceedings of the 2015 Conference on Empirical Methods in Natural Language Processing},
  pages={1488--1498},
  year={2015}
}

@inproceedings{wang2016knowledge,
  title={Knowledge base completion via coupled path ranking},
  author={Wang, Quan and Liu, Jing and Luo, Yuanfei and Wang, Bin and Lin, Chin-Yew},
  booktitle={Proceedings of the 54th Annual Meeting of the Association for Computational Linguistics (Volume 1: Long Papers)},
  pages={1308--1318},
  year={2016}
}

@article{nayyeri20203d,
  title={3D Learning and Reasoning in Link Prediction Over Knowledge Graphs},
  author={Nayyeri, Mojtaba and Alam, Mirza Mohtashim and Lehmann, Jens and Vahdati, Sahar},
  journal={IEEE Access},
  volume={8},
  pages={196459--196471},
  year={2020},
  publisher={IEEE}
}

@inproceedings{zhang2020few,
  title={Few-shot knowledge graph completion},
  author={Zhang, Chuxu and Yao, Huaxiu and Huang, Chao and Jiang, Meng and Li, Zhenhui and Chawla, Nitesh V},
  booktitle={Proceedings of the AAAI Conference on Artificial Intelligence},
  volume={34},
  number={03},
  pages={3041--3048},
  year={2020}
}

@inproceedings{nur2019two,
  title={Two Problems in Knowledge Graph Embedding: Non-Exclusive Relation Categories and Zero Gradients},
  author={Nur, Nasheen and Park, Noseong and Lee, Kookjin and Kang, Hyunjoong and Kwon, Soonhyeon},
  booktitle={2019 IEEE International Conference on Big Data (Big Data)},
  pages={1181--1186},
  year={2019},
  organization={IEEE}
}

% ----------------------- Multi task

@article{caruana1997multitask,
  title={Multitask learning},
  author={Caruana, Rich},
  journal={Machine learning},
  volume={28},
  number={1},
  pages={41--75},
  year={1997},
  publisher={Springer}
}

@inproceedings{jiang2009multi,
  title={Multi-task transfer learning for weakly-supervised relation extraction},
  author={Jiang, Jing},
  year={2009},
  organization={ACL}
}

@inproceedings{chapelle2010multi,
  title={Multi-task learning for boosting with application to web search ranking},
  author={Chapelle, Olivier and Shivaswamy, Pannagadatta and Vadrevu, Srinivas and Weinberger, Kilian and Zhang, Ya and Tseng, Belle},
  booktitle={Proceedings of the 16th ACM SIGKDD international conference on Knowledge discovery and data mining},
  pages={1189--1198},
  year={2010}
}

@article{lu2011link,
  title={Link prediction in complex networks: A survey},
  author={L{\"u}, Linyuan and Zhou, Tao},
  journal={Physica A: statistical mechanics and its applications},
  volume={390},
  number={6},
  pages={1150--1170},
  year={2011},
  publisher={Elsevier}
}

% ----------- BIO

@article{yu2008high,
  title={High-quality binary protein interaction map of the yeast interactome network},
  author={Yu, Haiyuan and Braun, Pascal and Y{\i}ld{\i}r{\i}m, Muhammed A and Lemmens, Irma and Venkatesan, Kavitha and Sahalie, Julie and Hirozane-Kishikawa, Tomoko and Gebreab, Fana and Li, Na and Simonis, Nicolas and others},
  journal={Science},
  volume={322},
  number={5898},
  pages={104--110},
  year={2008},
  publisher={American Association for the Advancement of Science}
}

@article{stumpf2008estimating,
  title={Estimating the size of the human interactome},
  author={Stumpf, Michael PH and Thorne, Thomas and De Silva, Eric and Stewart, Ronald and An, Hyeong Jun and Lappe, Michael and Wiuf, Carsten},
  journal={Proceedings of the National Academy of Sciences},
  volume={105},
  number={19},
  pages={6959--6964},
  year={2008},
  publisher={National Acad Sciences}
}

@article{amaral2008truer,
  title={A truer measure of our ignorance},
  author={Amaral, Luis A Nunes},
  journal={Proceedings of the National Academy of Sciences},
  volume={105},
  number={19},
  pages={6795--6796},
  year={2008},
  publisher={National Acad Sciences}
}


